% ********** Bibliography **********

% ****************************************
% Your bibliography should be stored here
% ****************************************

@BOOK{PHPHP,
    AUTHOR       = "The PHP Group",
    TITLE        = "PHP Homepage",
    PUBLISHER    = "",
    YEAR         = "1997-2006",
    VOLUME       = "",
    SERIES       = "",
    ADDRESS      = "",
    EDITION      = "",
    MONTH        = "",
    NOTE         = "http://php.net/"
} 

@BOOK{PHPMAN,
    AUTHOR       = "PHP-Dokumentationsgruppe",
    TITLE        = "PHP Handbuch",
    PUBLISHER    = "de.php.net",
    YEAR         = "1997-2006",
    VOLUME       = "",
    SERIES       = "",
    ADDRESS      = "",
    EDITION      = "",
    MONTH        = "",
    NOTE         = "http://de3.php.net/manual/"
} 

@BOOK{ZENDENGINE,
    AUTHOR       = "Zend Technologies Ltd.",
    TITLE        = "Zend Engine version 2.0: Feature Overview and Design",
    PUBLISHER    = "Zend Technologies Ltd.",
    YEAR         = "2006",
    VOLUME       = "",
    SERIES       = "",
    ADDRESS      = "",
    EDITION      = "",
    MONTH        = "",
    NOTE         = "http://www.zend.com/zend/zend-engine-summary.php"
}

@BOOK{XPHP,
    AUTHOR       = "The XP team",
    TITLE        = "XP-Framework Homepage",
    PUBLISHER    = "The XP team",
    YEAR         = "2001-2006",
    VOLUME       = "",
    SERIES       = "",
    ADDRESS      = "",
    EDITION      = "",
    MONTH        = "",
    NOTE         = "http://xp-framework.info/"
}

@BOOK{BSDLICENCE,
    AUTHOR       = "Open Source Initiative",
    TITLE        = "The BSD License",
    PUBLISHER    = "Open Source Initiative",
    YEAR         = "2006",
    VOLUME       = "",
    SERIES       = "",
    ADDRESS      = "",
    EDITION      = "",
    MONTH        = "",
    NOTE         = "http://www.opensource.org/licenses/bsd-license.php"
}

@BOOK{JAVADOC,
    AUTHOR       = "Sun Microsystems Inc.",
    TITLE        = "Javadoc Tool Homepage",
    PUBLISHER    = "Sun Microsystems, Inc.",
    YEAR         = "1994-2006",
    VOLUME       = "",
    SERIES       = "",
    ADDRESS      = "",
    EDITION      = "",
    MONTH        = "",
    NOTE         = "http://java.sun.com/j2se/javadoc/"
}

@BOOK{JAVAHP,
    AUTHOR       = "Sun Microsystems Inc.",
    TITLE        = "Java Technology",
    PUBLISHER    = "Sun Microsystems, Inc.",
    YEAR         = "1994-2006",
    VOLUME       = "",
    SERIES       = "",
    ADDRESS      = "",
    EDITION      = "",
    MONTH        = "",
    NOTE         = "http://java.sun.com"
}

@BOOK{SOAPSPEC,
    AUTHOR       = "W3C Soap Working Group",
    TITLE        = "SOAP Version 1.2 specification",
    PUBLISHER    = "World Wide Web Consortium",
    YEAR         = "2004",
    VOLUME       = "",
    SERIES       = "",
    ADDRESS      = "",
    EDITION      = "",
    MONTH        = "",
    NOTE         = "http://www.w3.org/TR/soap/"
}

@BOOK{WSDLSPEC,
    AUTHOR       = "Christensen; Curbera; Meredith; Weerawarana",
    TITLE        = "Web Services Description Language",
    PUBLISHER    = "World Wide Web Consortium",
    YEAR         = "2001",
    VOLUME       = "",
    SERIES       = "",
    ADDRESS      = "",
    EDITION      = "",
    MONTH        = "",
    NOTE         = "http://www.w3.org/TR/wsdl/"
}

@BOOK{EASC,
    AUTHOR       = "Gellweiler",
    TITLE        = "Implementierung einer Protokollbrucke zur Kommunikation mit J2EE Application Servern uber RMI mit PHP",
    PUBLISHER    = "",
    YEAR         = "2005",
    VOLUME       = "",
    SERIES       = "",
    ADDRESS      = "",
    EDITION      = "",
    MONTH        = "",
    NOTE         = ""
}

@BOOK{JEEHP,
    AUTHOR       = "Sun Microsystems Inc.",
    TITLE        = "Java EE Technologies at a Glance",
    PUBLISHER    = "",
    YEAR         = "1994-2006",
    VOLUME       = "",
    SERIES       = "",
    ADDRESS      = "",
    EDITION      = "",
    MONTH        = "",
    NOTE         = "http://java.sun.com/j2ee/5.0/index.jsp"
}

@BOOK{JNIHP,
    AUTHOR       = "Sun Microsystems Inc.",
    TITLE        = "Java Native Interface 5.0 Specification",
    PUBLISHER    = "",
    YEAR         = "2004-2006",
    VOLUME       = "",
    SERIES       = "",
    ADDRESS      = "",
    EDITION      = "",
    MONTH        = "",
    NOTE         = "http://java.sun.com/j2se/1.5.0/docs/guide/jni/index.html"
}

@BOOK{BSFHP,
    AUTHOR       = "Apache Jakarta Project",
    TITLE        = "Jakarta BSF - Bean Scripting Framework",
    PUBLISHER    = "Apache Software Foundation",
    YEAR         = "2002-2006",
    VOLUME       = "",
    SERIES       = "",
    ADDRESS      = "",
    EDITION      = "",
    MONTH        = "",
    NOTE         = "http://jakarta.apache.org/bsf/"
}

@BOOK{JSRHP,
    AUTHOR       = "Grogan et. al.",
    TITLE        = "JSR 223: Scripting for the Java Platform",
    PUBLISHER    = "Sun Microsystems",
    YEAR         = "1995-2006",
    VOLUME       = "",
    SERIES       = "",
    ADDRESS      = "",
    EDITION      = "",
    MONTH        = "",
    NOTE         = "http://jcp.org/en/jsr/detail?id=223"
}

@BOOK{JSRDL,
    AUTHOR       = "Grogan et. al.",
    TITLE        = "JSR 223: Scripting for the Java Platform",
    PUBLISHER    = "Sun Microsystems",
    YEAR         = "1995-2006",
    VOLUME       = "",
    SERIES       = "",
    ADDRESS      = "",
    EDITION      = "",
    MONTH        = "",
    NOTE         = "http://jcp.org/aboutJava/communityprocess/pr/jsr223/index.html"
}

@BOOK{APACHEHP,
    AUTHOR       = "The Apache Software Foundation",
    TITLE        = "The Apache HTTP Server Project",
    PUBLISHER    = "",
    YEAR         = "1999-2006",
    VOLUME       = "",
    SERIES       = "",
    ADDRESS      = "",
    EDITION      = "",
    MONTH        = "",
    NOTE         = "http://httpd.apache.org/"
}

@BOOK{CAUCHOHP,
    AUTHOR       = "Caucho Technology",
    TITLE        = "Quercus: PHP in Java",
    PUBLISHER    = "Caucho Technology",
    YEAR         = "1998-2006",
    VOLUME       = "",
    SERIES       = "",
    ADDRESS      = "",
    EDITION      = "",
    MONTH        = "",
    NOTE         = "http://www.caucho.com/resin-3.0/quercus/"
}

@BOOK{BRIDGEHP,
    AUTHOR       = "",
    TITLE        = "php/Java bridge",
    PUBLISHER    = "php/Java bridge Project Team",
    YEAR         = "2006",
    VOLUME       = "",
    SERIES       = "",
    ADDRESS      = "",
    EDITION      = "",
    MONTH        = "",
    NOTE         = "http://php-java-bridge.sourceforge.net/pjb/"
}

@BOOK{JARSPEC,
    AUTHOR       = "Sun Microsystems Inc",
    TITLE        = "JAR File Specification",
    PUBLISHER    = "",
    YEAR         = "2003",
    VOLUME       = "",
    SERIES       = "",
    ADDRESS      = "",
    EDITION      = "",
    MONTH        = "",
    NOTE         = "http://java.sun.com/j2se/1.5.0/docs/guide/jar/jar.html"
}

@BOOK{LXRHP,
    AUTHOR       = "Gleditsch; Gjermshus",
    TITLE        = "Cross-Referencing Linux",
    PUBLISHER    = "",
    YEAR         = "2005",
    VOLUME       = "",
    SERIES       = "",
    ADDRESS      = "",
    EDITION      = "",
    MONTH        = "",
    NOTE         = "http://lxr.linux.no/",
}

@BOOK{PHPLXR,
    AUTHOR       = "",
    TITLE        = "PHP Cross Reference",
    PUBLISHER    = "",
    YEAR         = "2005-2007",
    VOLUME       = "",
    SERIES       = "",
    ADDRESS      = "",
    EDITION      = "",
    MONTH        = "",
    NOTE         = "http://lxr.php.net/",
}

% ********** End of bibliography **********
